<record><leader>00000cas a22000007a 4500</leader><controlfield tag="001">10845386</controlfield><controlfield tag="008">840615d18311831vtuwr ne      0    0eng d</controlfield><datafield ind1=" " ind2=" " tag="010"><subfield code="a">sn 84023228 </subfield></datafield><datafield ind1=" " ind2=" " tag="040"><subfield code="a">AQM</subfield><subfield code="b">eng</subfield><subfield code="c">AQM</subfield><subfield code="d">NPX</subfield><subfield code="d">OCLCQ</subfield></datafield><datafield ind1=" " ind2=" " tag="042"><subfield code="a">msc</subfield></datafield><datafield ind1="0" ind2="0" tag="245"><subfield code="a">Vermont inquirer and Democratic phoenix.</subfield></datafield><datafield ind1=" " ind2=" " tag="260"><subfield code="a">Norwich, Vt. :</subfield><subfield code="b">[Davis &amp; Porter]</subfield></datafield><datafield ind1=" " ind2=" " tag="300"><subfield code="a">v.</subfield></datafield><datafield ind1=" " ind2=" " tag="310"><subfield code="a">Weekly</subfield></datafield><datafield ind1="1" ind2=" " tag="362"><subfield code="a">Began in 1831; ceased in 1831?</subfield><subfield code="z">Cf. Gregory, W. Amer. newspapers.</subfield></datafield><datafield ind1=" " ind2=" " tag="500"><subfield code="a">Editor: Ira Davis, 1831.</subfield></datafield><datafield ind1=" " ind2=" " tag="500"><subfield code="a">Publishers' names recorded in Child, H. Gazetteer and business direct. of Windsor Co., Vt.</subfield></datafield><datafield ind1=" " ind2=" " tag="500"><subfield code="a">Printer: Joseph Clark, 1831.</subfield></datafield><datafield ind1=" " ind2=" " tag="500"><subfield code="a">"Democratic." Cf. Child, H. Gazetteer and business direct. of Windsor Co., Vt.</subfield></datafield><datafield ind1=" " ind2=" " tag="588"><subfield code="a">Description based on: Vol. 1, no. 45 (Jan. 27, 1831).</subfield></datafield><datafield ind1="1" ind2=" " tag="700"><subfield code="a">Davis, Ira.</subfield></datafield><datafield ind1=" " ind2=" " tag="752"><subfield code="a">United States</subfield><subfield code="b">Vermont</subfield><subfield code="c">Windsor</subfield><subfield code="d">Norwich.</subfield></datafield><datafield ind1="0" ind2="0" tag="780"><subfield code="t">Vermont enquirer</subfield></datafield><datafield ind1="0" ind2="0" tag="785"><subfield code="t">Columbia enquirer, Windham, Windsor and Orange County gazette</subfield></datafield><datafield ind1="1" ind2=" " tag="029"><subfield code="a">AU@</subfield><subfield code="b">000025821294</subfield></datafield></record>